%Automatically generated by Mendeley Desktop 1.19.4
%Any changes to this file will be lost if it is regenerated by Mendeley.
%
%BibTeX export options can be customized via Options -> BibTeX in Mendeley Desktop
@article{Pang,
author = {Pang, Jiahao and Sun, Wenxiu and Ren, Jimmy Sj and Yang, Chengxi and Yan, Qiong},
file = {:C$\backslash$:/Users/jlosi/Documents/Aalto{\_}Uni/Master{\_}thesis/papers/Pang{\_}Cascade{\_}Residual{\_}Learning{\_}ICCV{\_}2017{\_}paper.pdf:pdf},
pages = {887--895},
title = {{Cascade Residual Learning}},
url = {http://openaccess.thecvf.com/content{\_}ICCV{\_}2017{\_}workshops/papers/w17/Pang{\_}Cascade{\_}Residual{\_}Learning{\_}ICCV{\_}2017{\_}paper.pdf}
}
@article{Maragos,
author = {Maragos, Petros},
file = {:C$\backslash$:/Users/jlosi/Documents/Aalto{\_}Uni/Master{\_}thesis/papers/6b0e4a0a6fed80e1fa4ac5055c89a3cd2aa4.pdf:pdf},
title = {{MORPHOLOGICAL ADVANCES IN MORPHOLOGICAL ON ADVANCES TUTORIAL ON ANALYSIS AND ANALYSIS Unified Image Algebra Unified}}
}
@article{Haralick1987,
author = {Haralick, Robert M. and Sternberg, Stanley R. and Zhuang, Xinhua},
doi = {10.1109/TPAMI.1987.4767941},
file = {:C$\backslash$:/Users/jlosi/Documents/Aalto{\_}Uni/Master{\_}thesis/papers/04767941.pdf:pdf},
issn = {01628828},
journal = {IEEE Transactions on Pattern Analysis and Machine Intelligence},
keywords = {Closing,dilation,erosion,filtering,image analysis,morphology,opening,shape analysis},
number = {4},
pages = {532--550},
pmid = {21869411},
title = {{Image Analysis Using Mathematical Morphology}},
volume = {PAMI-9},
year = {1987}
}
@article{lew1994learning,
  title={Learning and feature selection in stereo matching},
  author={Lew, Michael S and Huang, Thomas S. and Wong, Kam},
  journal={IEEE Transactions on Pattern Analysis and Machine Intelligence},
  volume={16},
  number={9},
  pages={869--881},
  year={1994},
  publisher={IEEE}
}
@article{Zabih1994,
author = {Zabih, Ramin and Woodfill, John},
doi = {10.1007/bfb0028345},
file = {:C$\backslash$:/Users/jlosi/AppData/Local/Mendeley Ltd./Mendeley Desktop/Downloaded/Zabih, Woodfill - 1994 - Non-parametric local transforms for computing visual correspondence.pdf:pdf},
isbn = {9783540579571},
issn = {16113349},
journal = {Lecture Notes in Computer Science (including subseries Lecture Notes in Artificial Intelligence and Lecture Notes in Bioinformatics)},
pages = {151--158},
title = {{Non-parametric local transforms for computing visual correspondence}},
volume = {801 LNCS},
year = {1994}
}
@article{cruz1995stereo,
  title={Stereo matching technique based on the perceptron criterion function},
  author={Cruz, JM and Pajares, Gonzalo and Aranda, J and Vindel, JLF},
  journal={Pattern recognition letters},
  volume={16},
  number={9},
  pages={933--944},
  year={1995},
  publisher={Elsevier}
}
@article{Birchfield1999,
author = {Birchfield, Stan and Tomasi, Carlo},
doi = {10.1023/A:1008160311296},
file = {:C$\backslash$:/Users/jlosi/Documents/Aalto{\_}Uni/Master{\_}thesis/papers/Birchfield-Tomasi1999{\_}Article{\_}DepthDiscontinuitiesByPixel.pdf:pdf},
issn = {09205691},
journal = {International Journal of Computer Vision},
keywords = {depth discontinuities,dynamic programming,image sampling,stereo matching,untextured scenes},
number = {3},
pages = {269--293},
title = {{Depth discontinuities by pixel-to-pixel stereo}},
volume = {35},
year = {1999}
}
@article{Kolmogorov2001,
author = {Kolmogorov, V. and Zabih, R.},
doi = {10.1109/iccv.2001.937668},
file = {:C$\backslash$:/Users/jlosi/Documents/Aalto{\_}Uni/Master{\_}thesis/papers/2001-1838.pdf:pdf},
journal = {Proceedings of the IEEE International Conference on Computer Vision},
pages = {508--515},
title = {{Computing visual correspondence with occlusions using graph cuts}},
volume = {2},
year = {2001}
}
@article{Scharstein2001,
author = {Scharstein, D. and Szeliski, R. and Zabih, R.},
doi = {10.1109/SMBV.2001.988771},
file = {:C$\backslash$:/Users/jlosi/Documents/Aalto{\_}Uni/Master{\_}thesis/papers/10.1.1.23.6064.pdf:pdf},
isbn = {0769513271},
journal = {Proceedings - IEEE Workshop on Stereo and Multi-Baseline Vision, SMBV 2001},
number = {December},
pages = {131--140},
title = {{A taxonomy and evaluation of dense two-frame stereo correspondence algorithms}},
year = {2001}
}
@article{Hirschmuller2002,
author = {Hirschm{\"{u}}ller, Heiko},
file = {:C$\backslash$:/Users/jlosi/Documents/Aalto{\_}Uni/Master{\_}thesis/papers/general{\_}sgm.pdf:pdf},
number = {Figure 1},
pages = {173--184},
title = {{Semi-Global Matching â€“ Motivation, Developments and Applications}},
year = {2002}
}
@article{Shimizu2002,
author = {Shimizu, Masao and Okutomi, Masatoshi},
doi = {10.1109/ICDSP.2002.1028317},
file = {:C$\backslash$:/Users/jlosi/AppData/Local/Mendeley Ltd./Mendeley Desktop/Downloaded/Shimizu, Okutomi - 2002 - An analysis of sub-pixel estimation error on area-based image matching.pdf:pdf},
isbn = {0780375033},
journal = {International Conference on Digital Signal Processing, DSP},
pages = {1239--1242},
title = {{An analysis of sub-pixel estimation error on area-based image matching}},
volume = {2},
year = {2002}
}
@misc{hartley2004multiple,
  title={Multiple View Geometry in Computer Vision. Cambridge University Press, ISBN: 0521540518},
  author={Hartley, RI and Zisserman, A},
  year={2004}
}
@inproceedings{kong2004method,
  title={A method for learning matching errors for stereo computation.},
  author={Kong, Dan and Tao, Hai},
  booktitle={BMVC},
  volume={1},
  pages={2},
  year={2004},
  organization={Citeseer}
}
@article{Stein2004,
author = {Stein, Fridtjof},
doi = {10.1007/978-3-540-28649-3_10},
file = {:C$\backslash$:/Users/jlosi/AppData/Local/Mendeley Ltd./Mendeley Desktop/Downloaded/Stein - 2004 - Efficient computation of optical flow using the census transform.pdf:pdf},
issn = {03029743},
journal = {Lecture Notes in Computer Science (including subseries Lecture Notes in Artificial Intelligence and Lecture Notes in Bioinformatics)},
pages = {79--86},
title = {{Efficient computation of optical flow using the census transform}},
volume = {3175},
year = {2004}
}
@book{Abadi2005,
author = {Abadi, Mart{\'{i}}n and {De Alfaro}, Luca},
booktitle = {Lecture Notes in Computer Science},
file = {:C$\backslash$:/Users/jlosi/AppData/Local/Mendeley Ltd./Mendeley Desktop/Downloaded/Abadi, De Alfaro - 2005 - Lecture Notes in Computer Science Preface.pdf:pdf},
isbn = {9783642046667},
issn = {03029743},
title = {{Lecture Notes in Computer Science: Preface}},
volume = {3653},
year = {2005}
}
@article{Felzenszwalb2006,
author = {Felzenszwalb, Pedro F. and Huttenlocher, Daniel P.},
doi = {10.1007/s11263-006-7899-4},
file = {:C$\backslash$:/Users/jlosi/AppData/Local/Mendeley Ltd./Mendeley Desktop/Downloaded/Felzenszwalb, Huttenlocher - 2006 - Efficient belief propagation for early vision.pdf:pdf},
issn = {09205691},
journal = {International Journal of Computer Vision},
keywords = {Belief propagation,Efficient algorithms,Image restoration,Markov random fields,Stereo},
number = {1},
pages = {41--54},
title = {{Efficient belief propagation for early vision}},
volume = {70},
year = {2006}
}
@article{Feng2006,
author = {Feng, Zhao and Qingming, Huang and Wen, Gao},
doi = {10.1109/icassp.2006.1660446},
file = {:C$\backslash$:/Users/jlosi/AppData/Local/Mendeley Ltd./Mendeley Desktop/Downloaded/Feng, Qingming, Wen - 2006 - Image matching by normalized cross-correlation.pdf:pdf},
isbn = {142440469X},
issn = {15206149},
journal = {ICASSP, IEEE International Conference on Acoustics, Speech and Signal Processing - Proceedings},
number = {June 2006},
title = {{Image matching by normalized cross-correlation}},
volume = {2},
year = {2006}
}
@article{Klaus2006,
author = {Klaus, Andreas and Sormann, Mario and Karner, Konrad},
doi = {10.1109/ICPR.2006.1033},
file = {:C$\backslash$:/Users/jlosi/Documents/Aalto{\_}Uni/Master{\_}thesis/papers/Segment-Based{\_}Stereo{\_}Matching{\_}Using{\_}Belief{\_}Propaga.pdf:pdf},
isbn = {0769525210},
issn = {10514651},
journal = {Proceedings - International Conference on Pattern Recognition},
pages = {15--18},
title = {{Segment-based stereo matching using belief propagation and a self-adapting dissimilarity measure}},
volume = {3},
year = {2006}
}
@article{Zach2006,
author = {Zach, Christopher and Sormann, Mario and Karner, Konrad},
doi = {10.1109/3DPVT.2006.124},
file = {:C$\backslash$:/Users/jlosi/Documents/Aalto{\_}Uni/Master{\_}thesis/papers/scanline{\_}optimization.pdf:pdf},
isbn = {0769528252},
journal = {Proceedings - Third International Symposium on 3D Data Processing, Visualization, and Transmission, 3DPVT 2006},
pages = {512--518},
title = {{Scanline optimization for stereo on graphics hardware}},
year = {2006}
}
@article{Shukla2006,
author = {Shukla, Narendra Kumar and Rathi, Vivek and Chakka, Vijaykumar},
doi = {10.1007/11949619},
file = {:C$\backslash$:/Users/jlosi/AppData/Local/Mendeley Ltd./Mendeley Desktop/Downloaded/Shukla, Rathi, Chakka - 2006 - Computer Vision, Graphics and Image Processing.pdf:pdf},
isbn = {978-3-540-68301-8},
journal = {Icvgip},
number = {June 2008},
pages = {894--905},
title = {{Computer Vision, Graphics and Image Processing}},
url = {http://dblp.uni-trier.de/db/conf/icvgip/icvgip2006.html{\#}ShuklaRC06},
volume = {4338},
year = {2006}
}
@article{Hirschmuller2006,
author = {Hirschm{\"{u}}ller, Heiko},
doi = {10.1109/CVPR.2006.294},
file = {:C$\backslash$:/Users/jlosi/Documents/Aalto{\_}Uni/Master{\_}thesis/papers/refined{\_}sgm.pdf:pdf},
isbn = {0769525970},
issn = {10636919},
journal = {Proceedings of the IEEE Computer Society Conference on Computer Vision and Pattern Recognition},
pages = {2386--2393},
title = {{Stereo vision in structured environments by consistent semi-global matching}},
volume = {2},
year = {2006}
}
@article{Yoon2006,
author = {Yoon, Kuk Jin and Kweon, In So},
doi = {10.1109/TPAMI.2006.70},
file = {:C$\backslash$:/Users/jlosi/Documents/Aalto{\_}Uni/Master{\_}thesis/papers/10.1.1.892.8572.pdf:pdf},
issn = {01628828},
journal = {IEEE Transactions on Pattern Analysis and Machine Intelligence},
keywords = {3D/stereo scene analysis,Stereo},
number = {4},
pages = {650--656},
title = {{Adaptive support-weight approach for correspondence search}},
volume = {28},
year = {2006}
}
@article{Hirschmuller2007,
author = {Hirschm{\"{u}}ller, Heiko and Scharstein, Daniel},
doi = {10.1109/CVPR.2007.383248},
file = {:C$\backslash$:/Users/jlosi/AppData/Local/Mendeley Ltd./Mendeley Desktop/Downloaded/Hirschm{\"{u}}ller, Scharstein - 2007 - Evaluation of cost functions for stereo matching.pdf:pdf},
isbn = {1424411807},
issn = {10636919},
journal = {Proceedings of the IEEE Computer Society Conference on Computer Vision and Pattern Recognition},
title = {{Evaluation of cost functions for stereo matching}},
year = {2007}
}
@article{Hirschmuller2008,
author = {Hirschm{\"{u}}ller, Heiko},
doi = {10.1109/TPAMI.2007.1166},
file = {:C$\backslash$:/Users/jlosi/Documents/Aalto{\_}Uni/Master{\_}thesis/papers/semi{\_}global{\_}01.pdf:pdf},
issn = {01628828},
journal = {IEEE Transactions on Pattern Analysis and Machine Intelligence},
keywords = {Global optimization,Multibaseline,Mutual information,Stereo},
number = {2},
pages = {328--341},
title = {{Stereo processing by semiglobal matching and mutual information}},
volume = {30},
year = {2008}
}
@article{Wang2008,
author = {Wang, Zeng Fu and Zheng, Zhi Gang},
doi = {10.1109/CVPR.2008.4587456},
file = {:C$\backslash$:/Users/jlosi/Documents/Aalto{\_}Uni/Master{\_}thesis/papers/CORegion.pdf:pdf},
isbn = {9781424422432},
journal = {26th IEEE Conference on Computer Vision and Pattern Recognition, CVPR},
title = {{A region based stereo matching algorithm using cooperative optimization}},
year = {2008}
}
@article{yang2008stereo,
  title={Stereo matching with color-weighted correlation, hierarchical belief propagation, and occlusion handling},
  author={Yang, Qingxiong and Wang, Liang and Yang, Ruigang and Stew{\'e}nius, Henrik and Nist{\'e}r, David},
  journal={IEEE Transactions on Pattern Analysis and Machine Intelligence},
  volume={31},
  number={3},
  pages={492--504},
  year={2008},
  publisher={IEEE}
}
@inproceedings{bleyer2009stereo,
  title={A stereo approach that handles the matting problem via image warping},
  author={Bleyer, Michael and Gelautz, Margrit and Rother, Carsten and Rhemann, Christoph},
  booktitle={2009 IEEE Conference on Computer Vision and Pattern Recognition},
  pages={501--508},
  year={2009},
  organization={IEEE}
}
@article{Dougherty2009,
author = {Dougherty, Edward R. and Lotufo, Roberto A.},
doi = {10.1117/3.501104.ch2},
file = {:C$\backslash$:/Users/jlosi/Documents/Aalto{\_}Uni/Master{\_}thesis/papers/TT59.pdf:pdf},
journal = {Hands-on Morphological Image Processing},
pages = {25--44},
title = {{Binary Opening and Closing}},
volume = {25},
year = {2009}
}
@article{Gehrig2009,
author = {Gehrig, Stefan K. and Eberli, Felix and Meyer, Thomas},
doi = {10.1007/978-3-642-04667-4_14},
file = {:C$\backslash$:/Users/jlosi/Documents/Aalto{\_}Uni/Master{\_}thesis/papers/real{\_}time{\_}low{\_}power{\_}sgm.pdf:pdf},
isbn = {3642046665},
issn = {03029743},
journal = {Lecture Notes in Computer Science (including subseries Lecture Notes in Artificial Intelligence and Lecture Notes in Bioinformatics)},
pages = {134--143},
title = {{A real-time low-power stereo vision engine using semi-global matching}},
volume = {5815 LNCS},
year = {2009}
}
@article{Zhang2009,
author = {Zhang, Ke and Lu, Jiangbo and Lafruit, Gauthier},
doi = {10.1109/TCSVT.2009.2020478},
file = {:C$\backslash$:/Users/jlosi/AppData/Local/Mendeley Ltd./Mendeley Desktop/Downloaded/Zhang, Lu, Lafruit - 2009 - Cross-based local stereo matching using orthogonal integral images.pdf:pdf},
issn = {10518215},
journal = {IEEE Transactions on Circuits and Systems for Video Technology},
keywords = {Cross-based region construction,Orthogonal integral images,Shape adaptive approximation,Stereo matching},
number = {7},
pages = {1073--1079},
title = {{Cross-based local stereo matching using orthogonal integral images}},
volume = {19},
year = {2009}
}
@article{Banz2010,
author = {Banz, Christian and Hesselbarth, Sebastian and Flatt, Holger and Blume, Holger and Pirsch, Peter},
doi = {10.1109/ICSAMOS.2010.5642077},
file = {:C$\backslash$:/Users/jlosi/Documents/Aalto{\_}Uni/Master{\_}thesis/papers/fpga{\_}impl{\_}sgm.pdf:pdf},
isbn = {9781424479382},
journal = {Proceedings - 2010 International Conference on Embedded Computer Systems: Architectures, Modeling and Simulation, IC-SAMOS 2010},
pages = {93--101},
title = {{Real-time stereo vision system using semi-global matching disparity estimation: Architecture and FPGA-implementation}},
year = {2010}
}
@article{Einecke2010,
author = {Einecke, Nils and Eggert, Julian},
doi = {10.1109/DICTA.2010.49},
file = {:C$\backslash$:/Users/jlosi/AppData/Local/Mendeley Ltd./Mendeley Desktop/Downloaded/Einecke, Eggert - 2010 - A two-stage correlation method for stereoscopic depth estimation.pdf:pdf},
isbn = {9780769542713},
journal = {Proceedings - 2010 Digital Image Computing: Techniques and Applications, DICTA 2010},
keywords = {Cost function,Reduced fattening,Stereoscopic depth},
pages = {227--234},
title = {{A two-stage correlation method for stereoscopic depth estimation}},
year = {2010}
}
@article{Gastal2011,
author = {Gastal, Eduardo S.L. and Oliveira, Manuel M.},
doi = {10.1145/1964921.1964964},
file = {:C$\backslash$:/Users/jlosi/Documents/Aalto{\_}Uni/Master{\_}thesis/papers/1964921.1964964.pdf:pdf},
isbn = {9781450309431},
issn = {07300301},
journal = {ACM Transactions on Graphics},
keywords = {Anisotropic diffusion,Bilateral filter,Domain transform,Edge-preserving filtering},
number = {4},
title = {{Domain transform for edge-aware image and video processing}},
volume = {30},
year = {2011}
}
@misc{Hartley2011,
author = {Hartley, Richard and Zisserman, Andrew},
booktitle = {Multiple View Geometry in Computer Vision},
doi = {10.1017/cbo9780511811685.006},
file = {:C$\backslash$:/Users/jlosi/Documents/Aalto{\_}Uni/Master{\_}thesis/papers/HZ2eCh2.pdf:pdf},
pages = {65--86},
title = {{Projective Geometry and Transformations of 3D}},
year = {2011}
}
@article{Szeliski2011,
author = {Szeliski, Richard},
doi = {10.5860/choice.48-5140},
file = {:C$\backslash$:/Users/jlosi/Documents/Aalto{\_}Uni/Master{\_}thesis/papers/Computer{\_}Vision{\_}Algorithms{\_}and{\_}Applicati.pdf:pdf},
issn = {0009-4978},
journal = {Choice Reviews Online},
number = {09},
pages = {48--5140--48--5140},
title = {{Computer vision: algorithms and applications}},
volume = {48},
year = {2011}
}
@article{Hirschmuller2012,
author = {Hirschm{\"{u}}ller, Heiko},
file = {:C$\backslash$:/Users/jlosi/Documents/Aalto{\_}Uni/Master{\_}thesis/papers/02{\_}hirschmueller{\_}keynote{\_}sgm.pdf:pdf},
pages = {1--31},
title = {{Semi-Global Matching Introduction Semi-Global Matching}},
year = {2012}
}
@article{Hu2012,
author = {Hu, Xiaoyan and Mordohai, Philippos},
doi = {10.1109/TPAMI.2012.46},
file = {:C$\backslash$:/Users/jlosi/Documents/Aalto{\_}Uni/Master{\_}thesis/papers/10.1.1.295.5787.pdf:pdf},
issn = {01628828},
journal = {IEEE Transactions on Pattern Analysis and Machine Intelligence},
keywords = {3D reconstruction,Stereo vision,confidence,correspondence,distinctiveness},
number = {11},
pages = {2121--2133},
title = {{A quantitative evaluation of confidence measures for stereo vision}},
volume = {34},
year = {2012}
}
@article{Chen2013,
author = {Chen, Yu Lin and Jaw, Jen Jer},
file = {:C$\backslash$:/Users/jlosi/Documents/Aalto{\_}Uni/Master{\_}thesis/papers/cost{\_}aggregation{\_}evaluation.pdf:pdf},
isbn = {9781629939100},
journal = {34th Asian Conference on Remote Sensing 2013, ACRS 2013},
keywords = {Mutual information,Penalty function,Semi-global matching,Stereo matching},
number = {September},
pages = {1112--1117},
title = {{Optimization of penalty functions for semi-global matching cost aggregation}},
volume = {2},
year = {2013}
}
@article{Demetz2013,
author = {Demetz, Oliver and Hafner, David and Weickert, Joachim},
doi = {10.5244/C.27.50},
file = {:C$\backslash$:/Users/jlosi/Documents/Aalto{\_}Uni/Master{\_}thesis/papers/rank{\_}transform.pdf:pdf},
journal = {BMVC 2013 - Electronic Proceedings of the British Machine Vision Conference 2013},
title = {{The complete rank transform: A tool for accurate and morphologically invariant matching of structures}},
year = {2013}
}
@article{Einecke2013,
author = {Einecke, Nils and Eggert, Julian},
doi = {10.1109/IVS.2013.6629469},
file = {:C$\backslash$:/Users/jlosi/AppData/Local/Mendeley Ltd./Mendeley Desktop/Downloaded/Einecke, Eggert - 2013 - Stereo image warping for improved depth estimation of road surfaces.pdf:pdf},
isbn = {9781467327558},
journal = {IEEE Intelligent Vehicles Symposium, Proceedings},
number = {Iv},
pages = {189--194},
title = {{Stereo image warping for improved depth estimation of road surfaces}},
year = {2013}
}
@article{geiger2013vision,
  title={Vision meets robotics: The kitti dataset},
  author={Geiger, Andreas and Lenz, Philip and Stiller, Christoph and Urtasun, Raquel},
  journal={The International Journal of Robotics Research},
  volume={32},
  number={11},
  pages={1231--1237},
  year={2013},
  publisher={Sage Publications Sage UK: London, England}
}
@article{Haeusler2013,
archivePrefix = {arXiv},
arxivId = {1604.05132},
author = {Haeusler, Ralf and Nair, Rahul and Kondermann, Daniel and Mostegel, Christian and Rumpler, Markus and Fraundorfer, Friedrich and Bischof, Horst and Park, Min Gyu and Yoon, Kuk Jin and {Md Yusof}, Ismawi Hj and An, Min and Barghi, Mahsa H. and Luo, Wenjie and Schwing, Alexander G and Chen, Zhuoyuan and Sun, Xun and Wang, Liang and Yu, Y and Huang, C},
doi = {10.1109/CVPR.2015.7298605},
eprint = {1604.05132},
file = {:C$\backslash$:/Users/jlosi/Documents/Aalto{\_}Uni/Master{\_}thesis/papers/Haeusler{\_}Ensemble{\_}Learning{\_}for{\_}2013{\_}CVPR{\_}paper.pdf:pdf;:C$\backslash$:/Users/jlosi/Documents/Aalto{\_}Uni/Master{\_}thesis/papers/Park{\_}Leveraging{\_}Stereo{\_}Matching{\_}2015{\_}CVPR{\_}paper.pdf:pdf;:C$\backslash$:/Users/jlosi/Documents/Aalto{\_}Uni/Master{\_}thesis/papers/Zagoruyko{\_}Learning{\_}to{\_}Compare{\_}2015{\_}CVPR{\_}paper.pdf:pdf;:C$\backslash$:/Users/jlosi/Documents/Aalto{\_}Uni/Master{\_}thesis/papers/Chen{\_}A{\_}Deep{\_}Visual{\_}ICCV{\_}2015{\_}paper.pdf:pdf;:C$\backslash$:/Users/jlosi/Documents/Aalto{\_}Uni/Master{\_}thesis/papers/Mostegel{\_}Using{\_}Self-Contradiction{\_}to{\_}CVPR{\_}2016{\_}paper.pdf:pdf;:C$\backslash$:/Users/jlosi/Documents/Aalto{\_}Uni/Master{\_}thesis/papers/Luo{\_}Efficient{\_}Deep{\_}Learning{\_}CVPR{\_}2016{\_}paper.pdf:pdf},
isbn = {9781467388504},
issn = {10636919},
journal = {Proceedings of the IEEE Computer Society Conference on Computer Vision and Pattern Recognition},
keywords = {Computational modeling,Data models,Design process,Enablers,Feature extraction,KITTI benchmark,Lean consideration,Machine learning,Middlebury data sets,Neural networks,Project life cycle,Training,Visualization,benchmarking,confidence measure,convolutional neural network,cross-validation results,data-driven matching cost,deep visual correspondence embedding model,embedding feature space,global stereo framework,ground truth disparities,image matching,image patches,labeled training set,neural nets,pixel dissimilarity measurement,random forest,stereo,stereo image processing,stereo images,stereo matching costs,visual similarity relationships},
number = {i},
pages = {885--894},
title = {{A Deep Visual Correspondence Embedding Model}},
url = {http://www.cs.toronto.edu/},
volume = {07-12-June},
year = {2015}
}
@article{Hermann2013,
author = {Hermann, Simon and Klette, Reinhard},
doi = {10.1007/978-3-642-37431-9_36},
file = {:C$\backslash$:/Users/jlosi/Documents/Aalto{\_}Uni/Master{\_}thesis/papers/sgm{\_}driver{\_}assistance.pdf:pdf},
isbn = {9783642374302},
issn = {03029743},
journal = {Lecture Notes in Computer Science (including subseries Lecture Notes in Artificial Intelligence and Lecture Notes in Bioinformatics)},
number = {PART 3},
pages = {465--478},
title = {{Iterative semi-global matching for robust driver assistance systems}},
volume = {7726 LNCS},
year = {2013}
}
@article{Patil2013,
author = {Patil, Suyog and Nadar, Joseph Simon and Gada, Jimit and Motghare, Siddhartha and Nair, Sujath S},
file = {:C$\backslash$:/Users/jlosi/AppData/Local/Mendeley Ltd./Mendeley Desktop/Downloaded/Patil et al. - 2013 - Comparison of Various Stereo Vision Cost Aggregation Methods.pdf:pdf},
journal = {International Journal of Engineering and Innovative Technology},
number = {8},
pages = {222--226},
title = {{Comparison of Various Stereo Vision Cost Aggregation Methods}},
url = {http://www.ijeit.com/vol 2/Issue 8/IJEIT1412201302{\_}45.pdf},
volume = {2},
year = {2013}
}
@article{Pham2013,
author = {Pham, Cuong Cao and Jeon, Jae Wook},
doi = {10.1109/TCSVT.2012.2223794},
file = {:C$\backslash$:/Users/jlosi/Documents/Aalto{\_}Uni/Master{\_}thesis/papers/10.1.1.352.6312.pdf:pdf},
issn = {10518215},
journal = {IEEE Transactions on Circuits and Systems for Video Technology},
keywords = {Domain transformation,Local stereo matching.,Terms-Cost aggregation},
number = {7},
pages = {1119--1130},
title = {{Domain transformation-based efficient cost aggregation for local stereo matching}},
volume = {23},
year = {2013}
}
@inproceedings{scharstein2003high,
  title={High-accuracy stereo depth maps using structured light},
  author={Scharstein, Daniel and Szeliski, Richard},
  booktitle={2003 IEEE Computer Society Conference on Computer Vision and Pattern Recognition, 2003. Proceedings.},
  volume={1},
  pages={I--I},
  year={2003},
  organization={IEEE}
}
@article{Spangenberg2013,
author = {Spangenberg, Robert and Langner, Tobias and Rojas, Ra{\'{u}}l},
doi = {10.1007/978-3-642-40246-3_5},
file = {:C$\backslash$:/Users/jlosi/AppData/Local/Mendeley Ltd./Mendeley Desktop/Downloaded/Spangenberg, Langner, Rojas - 2013 - Weighted semi-global matching and center-symmetric census transform for robust driver assistance.pdf:pdf},
isbn = {9783642402456},
issn = {03029743},
journal = {Lecture Notes in Computer Science (including subseries Lecture Notes in Artificial Intelligence and Lecture Notes in Bioinformatics)},
keywords = {census transform,local binary pattern,matching costs,semi-global matching,stereo vision},
number = {PART 2},
pages = {34--41},
title = {{Weighted semi-global matching and center-symmetric census transform for robust driver assistance}},
volume = {8048 LNCS},
year = {2013}
}
@book{Wilson2013,
author = {Wilson, Richard and Hancock, Edwin and Eds, William Smith and Hutchison, David},
file = {:C$\backslash$:/Users/jlosi/AppData/Local/Mendeley Ltd./Mendeley Desktop/Downloaded/Wilson et al. - 2013 - Computer Analysis of Images and Patterns - Tracking for Quantifying Social Network of Drosophila Melanogaster.pdf:pdf},
isbn = {9783642402463},
number = {August},
pages = {362--369},
title = {{Computer Analysis of Images and Patterns - Tracking for Quantifying Social Network of Drosophila Melanogaster}},
year = {2013}
}
@article{Iwasokun2014,
author = {Iwasokun, Gabriel},
doi = {10.9734/bjmcs/2014/10332},
file = {:C$\backslash$:/Users/jlosi/Documents/Aalto{\_}Uni/Master{\_}thesis/papers/Image{\_}Enhancement{\_}Methods{\_}A{\_}Review.pdf:pdf},
journal = {British Journal of Mathematics {\&} Computer Science},
number = {16},
pages = {2251--2277},
title = {{Image Enhancement Methods: A Review}},
volume = {4},
year = {2014}
}
@article{Scharstein2014,
author = {Scharstein, Daniel and Hirschm{\"{u}}ller, Heiko and Kitajima, York and Krathwohl, Greg and Ne{\v{s}}i{\'{c}}, Nera and Wang, X. and Westling, Porter},
doi = {10.1007/978-3-319-11752-2_3},
file = {:C$\backslash$:/Users/jlosi/Documents/Aalto{\_}Uni/Master{\_}thesis/papers/high{\_}resolution{\_}stereo.pdf:pdf},
isbn = {9783319117515},
issn = {16113349},
journal = {Lecture Notes in Computer Science (including subseries Lecture Notes in Artificial Intelligence and Lecture Notes in Bioinformatics)},
number = {1},
pages = {31--42},
title = {{High-resolution stereo datasets with subpixel-accurate ground truth}},
volume = {8753},
year = {2014}
}
@article{Spangenberg2014,
author = {Spangenberg, Robert and Langner, Tobias and Adfeldt, Sven and Rojas, Raul},
doi = {10.1109/IVS.2014.6856419},
file = {:C$\backslash$:/Users/jlosi/Documents/Aalto{\_}Uni/Master{\_}thesis/papers/Semi-Global-Matching.pdf:pdf},
isbn = {9781479936380},
journal = {IEEE Intelligent Vehicles Symposium, Proceedings},
pages = {195--201},
title = {{Large scale Semi-Global Matching on the CPU}},
year = {2014}
}
@article{Spyropoulos2014,
author = {Spyropoulos, Aristotle and Komodakis, Nikos and Mordohai, Philippos},
doi = {10.1109/CVPR.2014.210},
file = {:C$\backslash$:/Users/jlosi/AppData/Local/Mendeley Ltd./Mendeley Desktop/Downloaded/Spyropoulos, Komodakis, Mordohai - 2014 - Learning to detect ground control points for improving the accuracy of stereo matching.pdf:pdf},
isbn = {9781479951178},
issn = {10636919},
journal = {Proceedings of the IEEE Computer Society Conference on Computer Vision and Pattern Recognition},
keywords = {3D computer vision,Stereo correspondence},
pages = {1621--1628},
publisher = {IEEE},
title = {{Learning to detect ground control points for improving the accuracy of stereo matching}},
volume = {i},
year = {2014}
}
@article{Chen2015,
author = {Chen, Zhuoyuan and Sun, Xun and Wang, Liang and Yu, Y and Huang, C},
doi = {10.1109/ICCV.2015.117},
file = {:C$\backslash$:/Users/jlosi/Documents/Aalto{\_}Uni/Master{\_}thesis/papers/Chen{\_}A{\_}Deep{\_}Visual{\_}ICCV{\_}2015{\_}paper.pdf:pdf},
journal = {2015 IEEE International Conference on Computer Vision (ICCV)},
keywords = {Computational modeling,Data models,Feature extraction,KITTI benchmark,Machine learning,Middlebury data sets,Neural networks,Training,Visualization,convolutional neural network,cross-validation results,data-driven matching cost,deep visual correspondence embedding model,embedding feature space,global stereo framework,ground truth disparities,image matching,image patches,labeled training set,neural nets,pixel dissimilarity measurement,stereo image processing,stereo images,stereo matching costs,visual similarity relationships},
number = {d},
pages = {1--9},
title = {{A Deep Visual Correspondence Embedding Model}},
year = {2015}
}
@inproceedings{menze2015object,
  title={Object scene flow for autonomous vehicles},
  author={Menze, Moritz and Geiger, Andreas},
  booktitle={Proceedings of the IEEE conference on computer vision and pattern recognition},
  pages={3061--3070},
  year={2015}
}
@article{Park2015,
author = {Park, Min Gyu and Yoon, Kuk Jin},
doi = {10.1109/CVPR.2015.7298605},
file = {:C$\backslash$:/Users/jlosi/Documents/Aalto{\_}Uni/Master{\_}thesis/papers/Park{\_}Leveraging{\_}Stereo{\_}Matching{\_}2015{\_}CVPR{\_}paper.pdf:pdf},
isbn = {9781467369640},
issn = {10636919},
journal = {Proceedings of the IEEE Computer Society Conference on Computer Vision and Pattern Recognition},
pages = {101--109},
title = {{Leveraging stereo matching with learning-based confidence measures}},
volume = {07-12-June},
year = {2015}
}
@article{Zbontar2015,
archivePrefix = {arXiv},
arxivId = {1409.4326},
author = {{\v{Z}}bontar, Jure and {Le Cun}, Yann},
doi = {10.1109/CVPR.2015.7298767},
eprint = {1409.4326},
file = {:C$\backslash$:/Users/jlosi/Documents/Aalto{\_}Uni/Master{\_}thesis/papers/Zbontar{\_}Computing{\_}the{\_}Stereo{\_}2015{\_}CVPR{\_}paper.pdf:pdf},
isbn = {9781467369640},
issn = {10636919},
journal = {Proceedings of the IEEE Computer Society Conference on Computer Vision and Pattern Recognition},
number = {1},
pages = {1592--1599},
title = {{Computing the stereo matching cost with a convolutional neural network}},
volume = {07-12-June},
year = {2015}
}
@article{DAngelo2016,
author = {D'Angelo, Pablo},
doi = {10.5194/isprsarchives-XLI-B1-299-2016},
file = {:C$\backslash$:/Users/jlosi/AppData/Local/Mendeley Ltd./Mendeley Desktop/Downloaded/D'Angelo - 2016 - Improving semi-global matching Cost aggregation and confidence measure.pdf:pdf},
issn = {16821750},
journal = {International Archives of the Photogrammetry, Remote Sensing and Spatial Information Sciences - ISPRS Archives},
keywords = {Accuracy,Benchmark,Dense matching,Digital elevation model,Stereo},
number = {July},
pages = {299--304},
title = {{Improving semi-global matching: Cost aggregation and confidence measure}},
volume = {2016-Janua},
year = {2016}
}
@article{Hernandez-Juarez2016,
archivePrefix = {arXiv},
arxivId = {1610.04121},
author = {Hernandez-Juarez, D. and Chacon, A. and Espinosa, A. and Vazquez, D. and Moure, J. C. and Lopez, A. M.},
doi = {10.1016/j.procs.2016.05.305},
eprint = {1610.04121},
file = {:C$\backslash$:/Users/jlosi/Documents/Aalto{\_}Uni/Master{\_}thesis/papers/semi{\_}global{\_}02.pdf:pdf},
issn = {18770509},
journal = {Procedia Computer Science},
keywords = {Autonomous driving,CUDA,Computer vision,Drive PX,Embedded systems,GPU,Semi-global matching,Stereo},
pages = {143--153},
title = {{Embedded real-time stereo estimation via Semi-Global Matching on the GPU}},
volume = {80},
year = {2016}
}
@article{Mayer2016,
archivePrefix = {arXiv},
arxivId = {1512.02134},
author = {Mayer, Nikolaus and Ilg, Eddy and Hausser, Philip and Fischer, Philipp and Cremers, Daniel and Dosovitskiy, Alexey and Brox, Thomas},
doi = {10.1109/CVPR.2016.438},
eprint = {1512.02134},
file = {:C$\backslash$:/Users/jlosi/AppData/Local/Mendeley Ltd./Mendeley Desktop/Downloaded/Mayer et al. - 2016 - A Large Dataset to Train Convolutional Networks for Disparity, Optical Flow, and Scene Flow Estimation.pdf:pdf},
isbn = {9781467388504},
issn = {10636919},
journal = {Proceedings of the IEEE Computer Society Conference on Computer Vision and Pattern Recognition},
pages = {4040--4048},
title = {{A Large Dataset to Train Convolutional Networks for Disparity, Optical Flow, and Scene Flow Estimation}},
volume = {2016-Decem},
year = {2016}
}
@article{Mostegel2016,
archivePrefix = {arXiv},
arxivId = {1604.05132},
author = {Mostegel, Christian and Rumpler, Markus and Fraundorfer, Friedrich and Bischof, Horst},
doi = {10.1109/CVPR.2016.441},
eprint = {1604.05132},
file = {:C$\backslash$:/Users/jlosi/Documents/Aalto{\_}Uni/Master{\_}thesis/papers/Mostegel{\_}Using{\_}Self-Contradiction{\_}to{\_}CVPR{\_}2016{\_}paper.pdf:pdf},
isbn = {9781467388504},
issn = {10636919},
journal = {Proceedings of the IEEE Computer Society Conference on Computer Vision and Pattern Recognition},
pages = {4067--4076},
title = {{Using Self-Contradiction to Learn Confidence Measures in Stereo Vision}},
volume = {2016-Decem},
year = {2016}
}
@inproceedings{poggi2016learning,
  title={Learning from scratch a confidence measure.},
  author={Poggi, Matteo and Mattoccia, Stefano},
  booktitle={BMVC},
  year={2016}
}
@article{Seki2016,
author = {Seki, Akihito and Pollefeys, Marc},
doi = {10.5244/C.30.23},
file = {:C$\backslash$:/Users/jlosi/AppData/Local/Mendeley Ltd./Mendeley Desktop/Downloaded/Seki, Pollefeys - 2016 - Patch based confidence prediction for dense disparity map.pdf:pdf},
journal = {British Machine Vision Conference 2016, BMVC 2016},
number = {c},
pages = {23.1--23.13},
title = {{Patch based confidence prediction for dense disparity map}},
volume = {2016-Septe},
year = {2016}
}
@article{Zbontar2016,
archivePrefix = {arXiv},
arxivId = {1510.05970},
author = {{\v{Z}}bontar, Jure and Lecun, Yann},
eprint = {1510.05970},
file = {:C$\backslash$:/Users/jlosi/Documents/Aalto{\_}Uni/Master{\_}thesis/papers/15-535.pdf:pdf},
issn = {15337928},
journal = {Journal of Machine Learning Research},
keywords = {Convolutional neural networks,Matching cost,Similarity learning,Stereo,Supervised learning},
pages = {1--32},
title = {{Stereo matching by training a convolutional neural network to compare image patches}},
volume = {17},
year = {2016}
}
@article{Ko2017,
author = {Ko, Jaeryun and Ho, Yo Sung},
doi = {10.1109/APSIPA.2016.7820827},
file = {:C$\backslash$:/Users/jlosi/AppData/Local/Mendeley Ltd./Mendeley Desktop/Downloaded/Ko, Ho - 2017 - Stereo matching using census transform of adaptive window sizes with gradient images.pdf:pdf},
isbn = {9789881476821},
journal = {2016 Asia-Pacific Signal and Information Processing Association Annual Summit and Conference, APSIPA 2016},
pages = {2--5},
title = {{Stereo matching using census transform of adaptive window sizes with gradient images}},
year = {2017}
}
@article{Kuzmin2017,
archivePrefix = {arXiv},
arxivId = {1611.05689},
author = {Kuzmin, Andrey and Mikushin, Dmitry and Lempitsky, Victor},
doi = {10.1109/MLSP.2017.8168183},
eprint = {1611.05689},
file = {:C$\backslash$:/Users/jlosi/AppData/Local/Mendeley Ltd./Mendeley Desktop/Downloaded/Kuzmin, Mikushin, Lempitsky - 2017 - End-to-End learning of cost-volume aggregation for real-time dense stereo.pdf:pdf},
isbn = {9781509063413},
issn = {21610371},
journal = {IEEE International Workshop on Machine Learning for Signal Processing, MLSP},
keywords = {Convolutional neural network,Cost-volume aggregation,Edge-preserving filtering,Recurrent neural network,Stereo matching},
pages = {1--6},
title = {{End-to-End learning of cost-volume aggregation for real-time dense stereo}},
volume = {2017-Septe},
year = {2017}
}
@article{Poggi2017,
author = {Poggi, Matteo and Tosi, Fabio and Mattoccia, Stefano},
doi = {10.1109/ICCV.2017.559},
file = {:C$\backslash$:/Users/jlosi/AppData/Local/Mendeley Ltd./Mendeley Desktop/Downloaded/Poggi, Tosi, Mattoccia - 2017 - Quantitative Evaluation of Confidence Measures in a Machine Learning World.pdf:pdf},
isbn = {9781538610329},
issn = {15505499},
journal = {Proceedings of the IEEE International Conference on Computer Vision},
pages = {5238--5247},
title = {{Quantitative Evaluation of Confidence Measures in a Machine Learning World}},
volume = {2017-Octob},
year = {2017}
}
@article{Seki2017,
author = {Seki, Akihito and Pollefeys, Marc and Corporation, Toshiba and Z{\"{u}}rich, E. T.H. and Microsoft},
doi = {10.1109/CVPR.2017.703},
file = {:C$\backslash$:/Users/jlosi/AppData/Local/Mendeley Ltd./Mendeley Desktop/Downloaded/Seki et al. - 2017 - SGM-Nets Semi-global matching with neural networks.pdf:pdf},
isbn = {9781538604571},
journal = {Proceedings - 30th IEEE Conference on Computer Vision and Pattern Recognition, CVPR 2017},
number = {1},
pages = {6640--6649},
title = {{SGM-Nets: Semi-global matching with neural networks}},
volume = {2017-Janua},
year = {2017}
}
@article{Ilg2018,
archivePrefix = {arXiv},
arxivId = {1808.01838},
author = {Ilg, Eddy and Saikia, Tonmoy and Keuper, Margret and Brox, Thomas},
doi = {10.1007/978-3-030-01258-8_38},
eprint = {1808.01838},
file = {:C$\backslash$:/Users/jlosi/AppData/Local/Mendeley Ltd./Mendeley Desktop/Downloaded/Ilg et al. - 2018 - Occlusions, Motion and depth boundaries with a generic network for disparity, optical flow or scene flow estimation.pdf:pdf},
isbn = {9783030012571},
issn = {16113349},
journal = {Lecture Notes in Computer Science (including subseries Lecture Notes in Artificial Intelligence and Lecture Notes in Bioinformatics)},
pages = {626--643},
title = {{Occlusions, Motion and depth boundaries with a generic network for disparity, optical flow or scene flow estimation}},
volume = {11216 LNCS},
year = {2018}
}
@article{Ilg2018a,
archivePrefix = {arXiv},
arxivId = {1802.07095},
author = {Ilg, Eddy and {\c{C}}i{\c{c}}ek, {\"{O}}zg{\"{u}}n and Galesso, Silvio and Klein, Aaron and Makansi, Osama and Hutter, Frank and Brox, Thomas},
doi = {10.1007/978-3-030-01234-2_40},
eprint = {1802.07095},
file = {:C$\backslash$:/Users/jlosi/AppData/Local/Mendeley Ltd./Mendeley Desktop/Downloaded/Ilg et al. - 2018 - Uncertainty estimates and multi-hypotheses networks for optical flow.pdf:pdf},
isbn = {9783030012335},
issn = {16113349},
journal = {Lecture Notes in Computer Science (including subseries Lecture Notes in Artificial Intelligence and Lecture Notes in Bioinformatics)},
keywords = {Convolutional neural networks,Optical flow estimation,Uncertainty estimation},
pages = {677--693},
title = {{Uncertainty estimates and multi-hypotheses networks for optical flow}},
volume = {11211 LNCS},
year = {2018}
}
@article{Poggi2019,
archivePrefix = {arXiv},
arxivId = {1905.10107},
author = {Poggi, Matteo and Pallotti, Davide and Tosi, Fabio and Mattoccia, Stefano},
eprint = {1905.10107},
file = {:C$\backslash$:/Users/jlosi/AppData/Local/Mendeley Ltd./Mendeley Desktop/Downloaded/Poggi et al. - 2019 - Guided Stereo Matching.pdf:pdf},
title = {{Guided Stereo Matching}},
url = {http://arxiv.org/abs/1905.10107},
year = {2019}
}
@article{Tonioni2020,
archivePrefix = {arXiv},
arxivId = {1810.05424},
author = {Tonioni, Alessio and Tosi, Fabio and Poggi, Matteo and Mattoccia, Stefano and Stefano, Luigi Di},
doi = {10.1109/cvpr.2019.00028},
eprint = {1810.05424},
file = {:C$\backslash$:/Users/jlosi/AppData/Local/Mendeley Ltd./Mendeley Desktop/Downloaded/Tonioni et al. - 2020 - Real-Time Self-Adaptive Deep Stereo.pdf:pdf},
pages = {195--204},
title = {{Real-Time Self-Adaptive Deep Stereo}},
year = {2020}
}

